@book{modern,
  author = "Jonathan Katz and Yehuda Lindell",
  title = "Introduction to Modern Cryptography",
  year = 2008,
  publisher = "CRC Press",
}
